@inproceedings{lang2016security,
  title={Security keys: Practical cryptographic second factors for the modern web},
  author={Lang, Juan and Czeskis, Alexei and Balfanz, Dirk and Schilder, Marius and Srinivas, Sampath},
  booktitle={International Conference on Financial Cryptography and Data Security},
  pages={422--440},
  year={2016},
  organization={Springer}
}

@inproceedings{reynolds2018tale,
  title={A tale of two studies: The best and worst of yubikey usability},
  author={Reynolds, Joshua and Smith, Trevor and Reese, Ken and Dickinson, Luke and Ruoti, Scott and Seamons, Kent},
  booktitle={2018 IEEE Symposium on Security and Privacy (SP)},
  pages={872--888},
  year={2018},
  organization={IEEE}
}

@inproceedings{bonneau2012quest,
  title={The quest to replace passwords: A framework for comparative evaluation of web authentication schemes},
  author={Bonneau, Joseph and Herley, Cormac and Van Oorschot, Paul C and Stajano, Frank},
  booktitle={2012 IEEE Symposium on Security and Privacy},
  pages={553--567},
  year={2012},
  organization={IEEE}
}

@inproceedings{herley2009passwords,
  title={Passwords: If weâ€™re so smart, why are we still using them?},
  author={Herley, Cormac and Van Oorschot, Paul C and Patrick, Andrew S},
  booktitle={International Conference on Financial Cryptography and Data Security},
  pages={230--237},
  year={2009},
  organization={Springer}
}

@article{biddle2012graphical,
  title={Graphical passwords: Learning from the first twelve years},
  author={Biddle, Robert and Chiasson, Sonia and Van Oorschot, Paul C},
  journal={ACM Computing Surveys (CSUR)},
  volume={44},
  number={4},
  pages={1--41},
  year={2012},
  publisher={ACM New York, NY, USA}
}

@book{jain2007handbook,
  title={Handbook of biometrics},
  author={Jain, Anil K and Flynn, Patrick and Ross, Arun A},
  year={2007},
  publisher={Springer Science \& Business Media}
}

@misc{reailton2015phishing,
  author = {John Scott-Railton, Katie Kleemola},
  title = {Two-Factor Authentication Phishing From Iran},
  year = 2015,
  url = {https://citizenlab.ca/2015/08/iran_two_factor_phishing/},
  note = {Accessed: \today}
}

@misc{keysoverview,
  title = {Security Key Series by Yubico},
  author={Yubico},
  year = 2021,
  url = {https://resources.yubico.com/53ZDUYE6/as/q4bsft-z2wi8-4m1cae/Security_Key_Series_Product_Brief.pdf},
  note = {Accessed: \today}
}

@misc{webauthn,
  author       = {W3C Recommendation},
  title        = {Web Authentication: An API for accessing Public Key Credentials Level 2},
  year         = {8 April 2021},
  url = {https://www.w3.org/TR/webauthn/},
  note = {Accessed: \today}
}